@article{Dean:2008:MSD:1327452.1327492,
 author = {Dean, Jeffrey and Ghemawat, Sanjay},
 title = {MapReduce: simplified data processing on large clusters},
 journal = {Commun. ACM},
 issue_date = {January 2008},
 volume = {51},
 number = {1},
 month = jan,
 year = {2008},
 issn = {0001-0782},
 pages = {107--113},
 numpages = {7},
 url = {http://doi.acm.org/10.1145/1327452.1327492},
 doi = {10.1145/1327452.1327492},
 acmid = {1327492},
 publisher = {ACM},
 address = {New York, NY, USA},
}

@article{lee2012parallel,
  title={Parallel data processing with MapReduce: a survey},
  author={Lee, Kyong-Ha and Lee, Yoon-Joon and Choi, Hyunsik and Chung, Yon Dohn and Moon, Bongki},
  journal={ACM SIGMOD Record},
  volume={40},
  number={4},
  pages={11--20},
  year={2012},
  publisher={ACM}
}

@inproceedings{pavlo2009comparison,
  title={A comparison of approaches to large-scale data analysis},
  author={Pavlo, Andrew and Paulson, Erik and Rasin, Alexander and Abadi, Daniel J and DeWitt, David J and Madden, Samuel and Stonebraker, Michael},
  booktitle={Proceedings of the 2009 ACM SIGMOD International Conference on Management of data},
  pages={165--178},
  year={2009},
  organization={ACM}
}

@article{shvachko2008scaling,
  title={Scaling Hadoop to 4000 Nodes at Yahoo!},
  author={Shvachko, KV and Murthy, AC},
  journal={world wide web, http://developer. yahoo. net/blogs/hadoop/2008/09/scaling\_hadoop\_to\_4000\_nodes\_a. html},
  year={2008}
}